@INPROCEEDINGS{6669664,
author={X. Zhang and G. Schildbach and D. Sturzenegger and M. Morari},
booktitle={2013 European Control Conference (ECC)},
title={Scenario-based MPC for energy-efficient building climate control under weather and occupancy uncertainty},
year={2013},
pages={1029-1034},
keywords={HVAC;building management systems;energy conservation;energy management systems;predictive control;uncertainty handling;weather forecasting;HVAC system;RMPC-SR;building energy consumption;control performance;energy saving potential;energy-efficient building climate control;heating ventilation and air conditioning system;occupancy prediction;occupancy uncertainty;prediction uncertainty;probabilistic disturbance model;randomized model predictive control;saturation limit;uncertainty handling;uncertainty scenarios;weather prediction;weather uncertainty;Additives;Buildings;Data models;Standards;Uncertainty;Weather forecasting},
month={July},}
